@misc{bat4c,
    title           = {Battery Module 4C Documentation},
    organization    = {Space Technology Research Laboratory (SpaceLab)},
    year            = {2021},
    note            = {Available at <\href{https://github.com/spacelab-ufsc/battery-module-4c}{https://github.com/spacelab-ufsc/battery-module-4c}>}
}
