@misc{battery-board-1,
    title           = {Battery Board 1 Documentation},
    organization    = {Space Technology Research Laboratory (SpaceLab)},
    year            = {2018},
    note            = {Available at <\href{https://github.com/floripasat/eps/wiki/External-Hardware\#batteries-board}{https://github.com/floripasat/eps/wiki/External-Hardware\#batteries-board}>}
}
