@misc{eps2,
    title           = {Energy Power System 2.0 Documentation},
    organization    = {Space Technology Research Laboratory (SpaceLab)},
    year            = {2021},
    note            = {Available at <\href{https://github.com/spacelab-ufsc/eps2}{https://github.com/spacelab-ufsc/eps2}>}
}
