@manual{rtd-datasheet,
    title           = {32207595 Datasheet},
    organization    = {Heraeus Inc.},
    month           = {April},
    year            = {2020},
    note			= {Available at <\href{https://br.mouser.com/datasheet/2/619/smd_1206\_v\_e-1920021.pdf}{https://br.mouser.com/datasheet/2/619/smd\_1206\_v\_e-1920021.pdf}>}
}
